<?xml version="1.0" encoding="UTF-8"?><collection xmlns="http://www.loc.gov/MARC21/slim"><record><leader>00555nam--2200181-i-4500</leader><controlfield tag="001">000020967</controlfield><controlfield tag="002">20161230</controlfield><controlfield tag="005">20161230201033</controlfield><controlfield tag="008">060222s1000------------r-----000-0-eng-d</controlfield><datafield ind1=" " ind2=" " tag="040"><subfield code="a">IFIN-HH</subfield></datafield><datafield ind1=" " ind2=" " tag="080"><subfield code="a">537.635:539.124.143</subfield></datafield><datafield ind1="1" ind2=" " tag="100"><subfield code="a">Low, W</subfield></datafield><datafield ind1="1" ind2="0" tag="245"><subfield code="a">Paramagnetic resonance</subfield><subfield code="b">Proceedings of the first international conference held in jerusalem, july 16-20, 1962</subfield><subfield code="c">W. low (ed.)</subfield></datafield><datafield ind1=" " ind2=" " tag="260"><subfield code="a">New York</subfield><subfield code="b">Academic Press</subfield><subfield code="c">1963</subfield></datafield><datafield ind1=" " ind2=" " tag="300"><subfield code="a">2 VOLUME</subfield></datafield><datafield ind1="1" ind2=" " tag="787"><subfield code="a">Volume Ii</subfield><subfield code="h">/396p./921p</subfield></datafield><datafield ind1=" " ind2=" " tag="852"><subfield code="a">19224</subfield><subfield code="c">539.143.43</subfield></datafield><datafield ind1=" " ind2=" " tag="CAT"><subfield code="a">Sys</subfield><subfield code="c">20120419</subfield><subfield code="h">104115</subfield></datafield></record></collection>